@article{Balinski,
 author = {Balinski, Michel and Ratier, Guillaume},
 title = {Of Stable Marriages and Graphs, and Strategy and Polytopes},
 journal = {SIAM Rev.},
 issue_date = {Dec. 1997},
 volume = {39},
 number = {4},
 year = {1997},
 issn = {0036-1445},
 pages = {575--604},
 numpages = {30},
 acmid = {273591},
 address = {Philadelphia, PA, USA},
 keywords = {game, graph, marriage problem, polytope, stable matching, two-sided market},
}
@article{gale62a,
  title =	 {College Admissions and the Stability of Marriage},
  author =	 {D. Gale and L. S. Shapley},
  journal =	 {The American Mathematical Monthly},
  volume =	 69,
  number =	 1,
  pages =	 {9--15},
  ISSN =	 00029890,
  year =	 1962,
  cluster = 	 {780434125884639850},
}